@inproceedings{abbeel2004apprenticeship,
  title={Apprenticeship Learning via Inverse Reinforcement Learning},
  author={Abbeel, Pieter and Ng, Andrew Y},
  booktitle={Proceedings of the twenty-first international conference on Machine learning},
  pages={1},
  year={2004},
  organization={ACM},
  url={https://doi.org/10.1145/1015330.1015430}
},
@book{sammut2011encyclopedia,
  title={Encyclopedia of Machine Learning},
  author={Sammut, Claude and Webb, Geoffrey I},
  year={2011},
  pages={554--558},
  url={https://doi.org/10.1007/9780387.301648},
  publisher={Springer Science \& Business Media}
}